   @webpage{genealogie,
      author =       "WikiSkripta",
      title =        "Genealogie",
      howpublished = "online",
      year =         "2016",
      url =          "https://www.wikiskripta.eu/index.php?title=Genealogie&oldid=340229",
      cited =        "2023-01-13"
    }

   @webpage{schema,
      author =       "Jan Pecháček",
      title =        "Genealogické diagramy aneb co je to vlastně rodokmen? Část II.",
      howpublished = "online",
      year =         "2015",
      url =          "https://www.odkudjsme.cz/blog/genealogicke-diagramy-aneb-co-je-to-vlastne-rodokmen/",
      cited =        "2023-01-13"
    }

 @webpage{mapa,
      key = "CZGHSP",
      author =       "ČGHSP",
      title =        "Matriky na internetu",
      howpublished = "online",
      year =         "2015",
      url =          "https://rodokmeny.cz/genealogie-a-rodokmeny/matriky-na-internetu/",
      cited =        "2023-01-13"
    }

 @webpage{snimek,
      author =       "{Moravský~zemský~archiv~v~Brně}",
      title =        "ACTA PUBLICA",
      subtitle =        "Matriky uložené v Moravském zemském archivu v Brně",
      howpublished = "online",
      year =         "2020",
      url =          "https://www.mza.cz/actapublica/matrika/detail/1568",
      cited =        "2023-01-13"
    }

   @webpage{javascript,
      author =       "Barbora Koďousková",
      title =        "JAVASCRIPT PRO ZAČÁTEČNÍKY: CO TO JE A JAK FUNGUJE",
      howpublished = "online",
      year =         "2022",
      url =          "https://www.rascasone.com/cs/blog/co-je-javascript-pro-zacatecniky",
      cited =        "2023-01-13"
    }

   @webpage{html,
      author =       "Kolade Chris",
      title =        "What is HTML – Definition and Meaning of Hypertext Markup Language",
      howpublished = "online",
      year =         "2021",
      url =          "https://www.freecodecamp.org/news/what-is-html-definition-and-meaning/",
      cited =        "2023-01-13"
    }

   @webpage{json,
      author =       "ECMA-404",
      title =        "Úvod do JSON",
      howpublished = "online",
      year =         "2017",
      url =          "https://www.json.org/json-cz.html",
      cited =        "2023-01-13"
    }

   @manual{mysql,
      author = "{Oracle Corporation}",
      organization = "Oracle Corporation",
      title =        "What is MySQL?",
      howpublished = "online",
      year =         "2023",
      adress = "Redwood Shores",
      edition = "8.0",
      url =          "https://dev.mysql.com/doc/refman/8.0/en/what-is-mysql.html",
      cited =        "2023-01-13"
    }

   @manual{php,
      author = "{The PHP Group}",
      type = "Dokumentace",
      organization = "The PHP Group",
      title =        "What is PHP?",
      howpublished = "online",
      year =         "2001",
      revised = "2023",
      url =          "https://www.php.net/manual/en/intro-whatis.php",
      cited =        "2023-01-13"
    }

   @manual{python,
      author =       "{Python Software Foundation}",
      title =        "What is Python? Executive Summary",
      organization =       "Python Software Foundation",
      howpublished = "online",
      year =         "2001",
      revised = "2023",
      url =          "https://www.python.org/doc/essays/blurb/",
      cited =        "2023-01-13"
    }

  @webpage{geneDiagramy,
      author =       "Václav Příborský",
      title =        "Genealogický výzkum v matrikách",
      howpublished = "online",
      year =         "2015",
      url =          "https://rodokmeny-priborsky.cz/genealogicky-vyzkum-v-matrikach/",
      publisher = "Václav Příborský",
      cited =        "2023-01-13"
    }

  @webpage{Matriky,
      author =       "Jan Podhola",
      title =        "Matriky",
      howpublished = "online",
      year =         "2012",
      url =          "http://www.genea.cz/informace/badani-v-archivu/matriky/",
      publisher = "OS Genea",
      cited =        "2023-01-13"
    }

  @webpage{digitalizaceMatrik,
      key = "CZGHSP",
      author =       "ČGHSP",
      title =        "Digitalizace",
      howpublished = "online",
      year =         "2015",
      url =          "http://www.genealogie.cz/aktivity/digitalizace/",
      publisher = "ČGHSP",
      cited =        "2023-01-13"
    }

  @MISC{GEDCOM,
      author =       "Tamura Jones",
      title =        "The FamilySearch GEDCOM 5.5.1 Specification Annotated Edition",
      howpublished = "online",
      year =         "2019",
      url =          "https://www.gedcom.org/gedcom.html",
      cited =        "2023-01-13"
    }

   @MISC{metodika,
      author =       "{Ministerstvo vnitra České republiky}",
      publisher = "Ministerstvo vnitra České republiky",
      title =            "Popis záznamu matriky a příklady vyplnění jednotlivých údajů",
      howpublished = "online",
      year = "2023",
      url =          "https://www.mvcr.cz/clanek/metodika-na-useku-matrik.aspx",
      cited =        "2023-04-27"
    } 
   
    @webpage{Laravel1,
      author =       "Jan Lupčík",
      title =        "Lekce 3 - První aplikace v Laravel",
      howpublished = "online",
      year =         "2019",
      url =          "https://www.itnetwork.cz/php/laravel/prvni-aplikace-v-laravel",
      publisher = "ITnetwork",
      cited =        "2023-04-27"
    }

   @webpage{Laravel2,
      author =       "Jan Lupčík",
      title =        "Lekce 1 - Úvod do Laravel frameworku pro PHP",
      howpublished = "online",
      year =         "2019",
      url =          "https://www.itnetwork.cz/php/laravel/uvod-do-laravel-frameworku-pro-phpl",
      publisher = "ITnetwork",
      cited =        "2023-04-27"
    }

   
   @webpage{Haversine,
      author =       "Simon Kettle",
      title =        "Distance on a sphere: The Haversine Formula",
      howpublished = "online",
      year =         "2017",
      url =          "https://community.esri.com/t5/coordinate-reference-systems-blog/distance-on-a-sphere-the-haversine-formula/ba-p/902128",
      cited =        "2023-04-27"
    }

   @webpage{Haversine_function,
      author =       "Aarti Rathi",
      title =        "Program for distance between two points on earth",
      howpublished = "online",
      year =         "2023",
      url =          "https://www.geeksforgeeks.org/program-distance-two-points-earth/",
      publisher = "GeeksforGeeks",
      cited =        "2023-04-27"
    }
   
  
    @BachelorsThesis{Konetzný,
      author = "Jakub Konetzný",
      type = {Bakal{\'{a}}{\v{r}}sk{\'{a}} pr{\'{a}}ce},
      title = "Podpora vyhledávání matričních událostí",
      school = {Vysok{\'{e}} u{\v{c}}en{\'{i}} technick{\'{e}} v Brn{\v{e}}, Fakulta informa{\v{c}}n{\'{i}}ch technologi{\'{i}}},
      year = {2022},
      location = {Brno, CZ},
      language = {czech},
      url = {https://www.fit.vut.cz/study/thesis/25278/.cs?year=0&stud=Konetzn%C3%BD}
    }
